<?xml version="1.0" encoding="utf-8"?>
<record xmlns="http://www.loc.gov/MARC21/slim" xmlns:xsi="http://www.w3.org/2001/XMLSchema-instance" xsi:schemaLocation="http://www.loc.gov/MARC21/slim http://www.loc.gov/standards/marcxml/schema/MARC21slim.xsd">
	<leader>     nam a22     Mi 4500</leader>
	<controlfield tag="001">b12568363</controlfield>
	<controlfield tag="003">LeBAU</controlfield>
	<controlfield tag="006">m        d        </controlfield>
	<controlfield tag="007">cr cn |||m|||a</controlfield>
	<controlfield tag="008">200325s1945    le      o     ||0 0 ara d</controlfield>
	<datafield ind1=" " ind2=" " tag="040">
		<subfield code="a">ZYU</subfield>
		<subfield code="b">ara</subfield>
		<subfield code="e">rda</subfield>
		<subfield code="c">ZYU</subfield>
	</datafield>
	<datafield ind1="0" ind2="4" tag="082">
		<subfield code="a">892.78</subfield>
		<subfield code="2">22</subfield>
	</datafield>
	<datafield ind1="1" ind2=" " tag="100">
		<subfield code="6">880-01</subfield>
		<subfield code="a">Ḥushīmah, ʻAbd Allāh,</subfield>
		<subfield code="e">author.</subfield>
	</datafield>
	<datafield ind1="1" ind2="0" tag="245">
		<subfield code="6">880-02</subfield>
		<subfield code="a">Fī jabhat al-majd :</subfield>
		<subfield code="b">ṣafḥah rāʼiʻah min tārīkh al-ʻalāqāt al-siyāsīyah bayna Lubnān wa-Miṣr ʻalá ʻahd Muḥammad ʻAlī Bāshā wa-al-Amīr Bashīr al-Shihābī al-Kabīr /</subfield>
		<subfield code="c">bi-qalam ʻAbd Allāh Ḥushīmah.</subfield>
	</datafield>
	<datafield ind1=" " ind2="1" tag="264">
		<subfield code="6">880-03</subfield>
		<subfield code="a">Ṭarābulus, [Lubnān] :</subfield>
		<subfield code="b">Maktabat al-Shabībah,</subfield>
		<subfield code="c">1945.</subfield>
	</datafield>
	<datafield ind1=" " ind2=" " tag="300">
		<subfield code="6">880-04</subfield>
		<subfield code="a">online resource (131 pages)</subfield>
	</datafield>
	<datafield ind1=" " ind2=" " tag="336">
		<subfield code="a">text</subfield>
		<subfield code="2">rdacontent</subfield>
	</datafield>
	<datafield ind1=" " ind2=" " tag="337">
		<subfield code="a">computer</subfield>
		<subfield code="2">rdamedia</subfield>
	</datafield>
	<datafield ind1=" " ind2=" " tag="338">
		<subfield code="a">online resource</subfield>
		<subfield code="2">rdacarrier</subfield>
	</datafield>
	<datafield ind1=" " ind2=" " tag="500">
		<subfield code="a">Part of the Arabic Collections Online (ACO) project, contributed by American University of Beirut's Jafet Memorial Library.</subfield>
	</datafield>
	<datafield ind1=" " ind2=" " tag="533">
		<subfield code="a">Electronic reproduction.</subfield>
		<subfield code="b">New York, N.Y. :</subfield>
		<subfield code="c">New York University,</subfield>
		<subfield code="d">2020.</subfield>
		<subfield code="5">NNU</subfield>
	</datafield>
	<datafield ind1=" " ind2="0" tag="651">
		<subfield code="6">880-05</subfield>
		<subfield code="a">Lebanon</subfield>
		<subfield code="x">Foreign relations</subfield>
		<subfield code="z">Egypt</subfield>
		<subfield code="v">Fiction.</subfield>
	</datafield>
	<datafield ind1=" " ind2="0" tag="651">
		<subfield code="6">880-06</subfield>
		<subfield code="a">Egypt</subfield>
		<subfield code="x">Foreign relations</subfield>
		<subfield code="z">Lebanon</subfield>
		<subfield code="v">Fiction.</subfield>
	</datafield>
	<datafield ind1=" " ind2="0" tag="651">
		<subfield code="6">880-07</subfield>
		<subfield code="a">Lebanon</subfield>
		<subfield code="x">Politics and government</subfield>
		<subfield code="v">Fiction.</subfield>
	</datafield>
	<datafield ind1=" " ind2="0" tag="655">
		<subfield code="6">880-08</subfield>
		<subfield code="a">Historical fiction.</subfield>
	</datafield>
	<datafield ind1="2" ind2=" " tag="710">
		<subfield code="a">Jafet Memorial Library.</subfield>
	</datafield>
	<datafield ind1="0" ind2=" " tag="730">
		<subfield code="a">Arabic Collections Online.</subfield>
	</datafield>
	<datafield ind1="0" ind2="8" tag="776">
		<subfield code="i">Print version:</subfield>
		<subfield code="a">Ḥushīmah, ʻAbd Allāh, author.</subfield>
		<subfield code="t">Fī jabhat al-majd</subfield>
		<subfield code="w">(LeBAU)b12568363</subfield>
	</datafield>
	<datafield ind1="4" ind2="0" tag="856">
		<subfield code="u">http://hdl.handle.net/2333.1/cvdncv96</subfield>
	</datafield>
	<datafield ind1="1" ind2=" " tag="880">
		<subfield code="6">100-01</subfield>
		<subfield code="a">حشيمة، عبد الله،</subfield>
		<subfield code="e">مؤلف.</subfield>
		<subfield code="4">aut.</subfield>
	</datafield>
	<datafield ind1="1" ind2="0" tag="880">
		<subfield code="6">245-02</subfield>
		<subfield code="a">في جبهة المجد :</subfield>
		<subfield code="b">صفحة رائعة من تاريخ العلاقات السياسية بين لبنان ومصر على عهد محمد علي باشا والأمير بشير الشهابي الكبير /</subfield>
		<subfield code="c">بقلم عبد الله حشيمة.</subfield>
	</datafield>
	<datafield ind1=" " ind2="1" tag="880">
		<subfield code="6">264-03</subfield>
		<subfield code="a">طرابلس، [لبنان] :</subfield>
		<subfield code="b">مكتبة الشبيبة،</subfield>
		<subfield code="c">1945.</subfield>
	</datafield>
	<datafield ind1=" " ind2=" " tag="880">
		<subfield code="6">300-04</subfield>
		<subfield code="a">131 صفحة ؛</subfield>
		<subfield code="c">19 سم</subfield>
	</datafield>
	<datafield ind1=" " ind2="4" tag="880">
		<subfield code="6">651-05</subfield>
		<subfield code="a">لبنان</subfield>
		<subfield code="x">العلاقات الخارجية</subfield>
		<subfield code="z">مصر</subfield>
		<subfield code="v">قصة.</subfield>
	</datafield>
	<datafield ind1=" " ind2="4" tag="880">
		<subfield code="6">651-06</subfield>
		<subfield code="a">مصر</subfield>
		<subfield code="x">العلاقات الخارجية</subfield>
		<subfield code="z">لبنان</subfield>
		<subfield code="v">قصة.</subfield>
	</datafield>
	<datafield ind1=" " ind2="4" tag="880">
		<subfield code="6">651-07</subfield>
		<subfield code="a">لبنان</subfield>
		<subfield code="x">السياسة والحكومة</subfield>
		<subfield code="v">قصة.</subfield>
	</datafield>
	<datafield ind1=" " ind2="4" tag="880">
		<subfield code="6">655-08</subfield>
		<subfield code="a">قصص تاريخية.</subfield>
	</datafield>
	<datafield ind1=" " ind2=" " tag="959">
		<subfield code="a">NNU</subfield>
		<subfield code="b">WEB</subfield>
		<subfield code="c">GENI</subfield>
		<subfield code="t">0</subfield>
		<subfield code="m">Electronic access</subfield>
		<subfield code="s">01</subfield>
	</datafield>
	<datafield ind1=" " ind2=" " tag="999">
		<subfield code="i">LeBAU_b12568363</subfield>
		<subfield code="s">aub_aco003208:</subfield>
		<subfield code="e">(ERROR-MISC)</subfield>
		<subfield code="s">aub_aco003208:</subfield>
	</datafield>
</record>
